@article{Agashe:2014kda,
      author         = "Olive, K. A. and others",
      title          = "{Review of Particle Physics}",
      collaboration  = "Particle Data Group",
      journal        = "Chin. Phys.",
      volume         = "C38",
      year           = "2014",
      pages          = "090001",
      doi            = "10.1088/1674-1137/38/9/090001",
      SLACcitation   = "%%CITATION = CHPHD,C38,090001;%%"
}

@article{Ade:2015xua,
      author         = "Ade, P. A. R. and others",
      title          = "{Planck 2015 results. XIII. Cosmological parameters}",
      collaboration  = "Planck",
      journal        = "Astron. Astrophys.",
      volume         = "594",
      year           = "2016",
      pages          = "A13",
      doi            = "10.1051/0004-6361/201525830",
      eprint         = "1502.01589",
      archivePrefix  = "arXiv",
      primaryClass   = "astro-ph.CO",
      SLACcitation   = "%%CITATION = ARXIV:1502.01589;%%"
}

@article{Navarro:1995iw,
      author         = "Navarro, Julio F. and Frenk, Carlos S. and White, Simon
                        D. M.",
      title          = "{The Structure of cold dark matter halos}",
      journal        = "Astrophys. J.",
      volume         = "462",
      year           = "1996",
      pages          = "563-575",
      doi            = "10.1086/177173",
      eprint         = "astro-ph/9508025",
      archivePrefix  = "arXiv",
      primaryClass   = "astro-ph",
      SLACcitation   = "%%CITATION = ASTRO-PH/9508025;%%"
}

@article{Navarro:1996gj,
      author         = "Navarro, Julio F. and Frenk, Carlos S. and White, Simon
                        D. M.",
      title          = "{A Universal density profile from hierarchical
                        clustering}",
      journal        = "Astrophys. J.",
      volume         = "490",
      year           = "1997",
      pages          = "493-508",
      doi            = "10.1086/304888",
      eprint         = "astro-ph/9611107",
      archivePrefix  = "arXiv",
      primaryClass   = "astro-ph",
      SLACcitation   = "%%CITATION = ASTRO-PH/9611107;%%"
}

@article{Famaey:2011kh,
      author         = "Famaey, Benoit and McGaugh, Stacy",
      title          = "{Modified Newtonian Dynamics (MOND): Observational
                        Phenomenology and Relativistic Extensions}",
      journal        = "Living Rev. Rel.",
      volume         = "15",
      year           = "2012",
      pages          = "10",
      doi            = "10.12942/lrr-2012-10",
      eprint         = "1112.3960",
      archivePrefix  = "arXiv",
      primaryClass   = "astro-ph.CO",
      SLACcitation   = "%%CITATION = ARXIV:1112.3960;%%"
}

@article{Milgrom:1983ca,
      author         = "Milgrom, M.",
      title          = "{A Modification of the Newtonian dynamics as a possible
                        alternative to the hidden mass hypothesis}",
      journal        = "Astrophys. J.",
      volume         = "270",
      year           = "1983",
      pages          = "365-370",
      doi            = "10.1086/161130",
      SLACcitation   = "%%CITATION = ASJOA,270,365;%%"
}

@article{Milgrom:1983pn,
      author         = "Milgrom, M.",
      title          = "{A Modification of the Newtonian dynamics: Implications
                        for galaxies}",
      journal        = "Astrophys. J.",
      volume         = "270",
      year           = "1983",
      pages          = "371-383",
      doi            = "10.1086/161131",
      SLACcitation   = "%%CITATION = ASJOA,270,371;%%"
}

@article{Milgrom:1983zz,
      author         = "Milgrom, M.",
      title          = "{A modification of the Newtonian dynamics: implications
                        for galaxy systems}",
      journal        = "Astrophys. J.",
      volume         = "270",
      year           = "1983",
      pages          = "384-389",
      doi            = "10.1086/161132",
      SLACcitation   = "%%CITATION = ASJOA,270,384;%%"
}

@ARTICLE{1932BAN6249O,
   author = {{Oort}, J. \~H.},
    title = "{The force exerted by the stellar system in the direction perpendicular to the galactic plane and some related problems}",
  journal = {\\bain},
     year = 1932,
    month = aug,
   volume = 6,
    pages = {249},
   adsurl = {http://adsabs.harvard.edu/abs/1932BAN.....6..249O},
  adsnote = {Provided by the SAO/NASA Astrophysics Data System}
}

@ARTICLE{1933AcHPh6110Z,
   author = {{Zwicky}, F.},
    title = "{Die Rotverschiebung von extragalaktischen Nebeln}",
  journal = {Helvetica Physica Acta},
     year = 1933,
   volume = 6,
    pages = {110-127},
   adsurl = {http://adsabs.harvard.edu/abs/1933AcHPh...6..110Z},
  adsnote = {Provided by the SAO/NASA Astrophysics Data System}
}

@article{Peacock:2003hf,
      author         = "Peacock, J. A.",
      title          = "{Large scale structure and matter in the universe}",
      journal        = "Phil. Trans. Roy. Soc. Lond.",
      volume         = "A361",
      year           = "2003",
      pages          = "2479-2496",
      doi            = "10.1098/rsta.2003.1288",
      eprint         = "astro-ph/0309238",
      archivePrefix  = "arXiv",
      primaryClass   = "astro-ph",
      SLACcitation   = "%%CITATION = ASTRO-PH/0309238;%%"
}



